@misc{assemblyai,
  author = {Assembly AI Github},
  title = {Machine Learning From Scratch},
  year = 2022,
  howpublished = {https://github.com/AssemblyAI-Community/Machine-Learning-From-Scratch/blob/main/04%20Decision%20Trees/DecisionTree.py},
  urldate = {2024-09-02}
}

@article{modeimputationarticle,
title = {A comparison of imputation methods for categorical data},
journal = {Informatics in Medicine Unlocked},
volume = {42},
pages = {101382},
year = {2023},
issn = {2352-9148},
doi = {https://doi.org/10.1016/j.imu.2023.101382},
url = {https://www.sciencedirect.com/science/article/pii/S2352914823002289},
author = {Shaheen MZ. Memon and Robert Wamala and Ignace H. Kabano}
}


@misc{coursematerial,
  author       = {Nicol`o Cesa-Bianchi},
  title        = {Tree Predictors },
  note         = {Unpublished course material},
  year         = {2024},
  howpublished = {Machine Learning â€” Statistical Methods for Machine Learning - University of Milan},
  month        = {March}
}

